@book{efron2012model,
  title={Model Selection Estimation and Bootstrap Smoothing},
  author={Efron, Bradley},
  year={2012},
  publisher={Division of Biostatistics, Stanford University}
}

@article{efron2014two,
  title={Two modeling strategies for empirical Bayes estimation},
  author={Efron, Bradley},
  journal={Statistical science: a review journal of the Institute of Mathematical Statistics},
  volume={29},
  number={2},
  pages={285},
  year={2014},
  publisher={NIH Public Access}
}

@article{efron1991compliance,
  title={Compliance as an explanatory variable in clinical trials},
  author={Efron, Bradley and Feldman, David},
  journal={Journal of the American Statistical Association},
  volume={86},
  number={413},
  pages={9--17},
  year={1991},
  publisher={Taylor \& Francis}
}

@article{mallows2000some,
  title={Some comments on Cp},
  author={Mallows, Colin L},
  journal={Technometrics},
  volume={42},
  number={1},
  pages={87--94},
  year={2000},
  publisher={Taylor \& Francis}
}

@article{efron1981jackknife,
  title={The jackknife estimate of variance},
  author={Efron, Bradley and Stein, Charles},
  journal={The Annals of Statistics},
  pages={586--596},
  year={1981},
  publisher={JSTOR}
}

@article{IJ,
  author          = {Louis A Jaeckel},
  title           = {The infinitesimal jackknife},
  journal         = {},
  number          = {},
  title           = {},
  volume          = {},
  year            = {1972}
}